@inproceedings{eggert2015classification,
  title={Classification of player roles in the team-based multi-player game dota 2},
  author={Eggert, Christoph and Herrlich, Marc and Smeddinck, Jan and Malaka, Rainer},
  booktitle={International Conference on Entertainment Computing},
  pages={112--125},
  year={2015},
  organization={Springer}
}

@inproceedings{pobiedina2013successful,
  title={On successful team formation: Statistical analysis of a multiplayer online game},
  author={Pobiedina, Nataliia and Neidhardt, Julia and Moreno, Maria del Carmen Calatrava and Grad-Gyenge, Laszlo and Werthner, Hannes},
  booktitle={Business Informatics (CBI), 2013 IEEE 15th Conference on},
  pages={55--62},
  year={2013},
  organization={IEEE}
}

@inproceedings{drachen2014skill,
  title={Skill-based differences in spatio-temporal team behaviour in defence of the ancients 2 (dota 2)},
  author={Drachen, Anders and Yancey, Matthew and Maguire, John and Chu, Derrek and Wang, Iris Yuhui and Mahlmann, Tobias and Schubert, Matthias and Klabajan, Diego},
  booktitle={Games media entertainment (GEM), 2014 IEEE},
  pages={1--8},
  year={2014},
  organization={IEEE}
}

@inproceedings{kaytoue2012watch,
  title={Watch me playing, i am a professional: a first study on video game live streaming},
  author={Kaytoue, Mehdi and Silva, Arlei and Cerf, Lo{\"\i}c and Meira Jr, Wagner and Ra{\"\i}ssi, Chedy},
  booktitle={Proceedings of the 21st International Conference on World Wide Web},
  pages={1181--1188},
  year={2012},
  organization={ACM}
}

@inproceedings{yang2014identifying,
  title={Identifying patterns in combat that are predictive of success in MOBA games.},
  author={Yang, Pu and Harrison, Brent E and Roberts, David L},
  booktitle={FDG},
  year={2014}
}

@article{hall2009weka,
  title={The WEKA data mining software: an update},
  author={Hall, Mark and Frank, Eibe and Holmes, Geoffrey and Pfahringer, Bernhard and Reutemann, Peter and Witten, Ian H},
  journal={ACM SIGKDD explorations newsletter},
  volume={11},
  number={1},
  pages={10--18},
  year={2009},
  publisher={ACM}
}

@article{bartle1996hearts,
  title={Hearts, clubs, diamonds, spades: Players who suit MUDs},
  author={Bartle, Richard},
  journal={Journal of MUD research},
  volume={1},
  number={1},
  pages={19},
  year={1996}
}

@article{singh2015investigations,
  title={Investigations on impact of feature normalization techniques on classifier's performance in breast tumor classification},
  author={Singh, Bikesh Kumar and Verma, Kesari and Thoke, AS},
  journal={International Journal of Computer Applications},
  volume={116},
  number={19},
  year={2015},
  publisher={Foundation of Computer Science}
}

@article{jayalakshmi2011statistical,
  title={Statistical Normalization and Back Propagationfor Classification},
  author={Jayalakshmi, T and Santhakumaran, A},
  journal={International Journal of Computer Theory and Engineering},
  volume={3},
  number={1},
  pages={89},
  year={2011},
  publisher={IACSIT Press}
}

@article{manikandan2013achieving,
  title={Achieving privacy in data mining using normalization},
  author={Manikandan, G and Sairam, N and Sharmili, S and Venkatakrishnan, S},
  journal={Indian Journal of Science and Technology},
  volume={6},
  number={4},
  pages={4268--4272},
  year={2013}
}

@book{theodoridis2010introduction,
  title={Introduction to pattern recognition: a matlab approach},
  author={Theodoridis, Sergios and Pikrakis, Aggelos and Koutroumbas, Konstantinos and Cavouras, Dionisis},
  year={2010},
  publisher={Academic Press}
}

@article{willmott2005advantages,
  title={Advantages of the mean absolute error (MAE) over the root mean square error (RMSE) in assessing average model performance},
  author={Willmott, Cort J and Matsuura, Kenji},
  journal={Climate research},
  volume={30},
  number={1},
  pages={79--82},
  year={2005},
  publisher={JSTOR}
}

@article{huang2005using,
  title={Using AUC and accuracy in evaluating learning algorithms},
  author={Huang, Jin and Ling, Charles X},
  journal={IEEE Transactions on knowledge and Data Engineering},
  volume={17},
  number={3},
  pages={299--310},
  year={2005},
  publisher={IEEE}
}